<?xml version="1.0" encoding="UTF-8"?><record xmlns="http://www.loc.gov/MARC21/slim" xmlns:cinclude="http://apache.org/cocoon/include/1.0" xmlns:zs="http://www.loc.gov/zing/srw/">
  <leader>00405cz  a2200133n  4500</leader>
  <controlfield tag="001">n  82055407 </controlfield>
  <controlfield tag="003">DLC</controlfield>
  <controlfield tag="005">20090111080150.0</controlfield>
  <controlfield tag="008">820421n| acannaabn          |n aaa      </controlfield>
  <datafield tag="010" ind1=" " ind2=" ">
    <subfield code="a">n  82055407 </subfield>
  </datafield>
  <datafield tag="035" ind1=" " ind2=" ">
    <subfield code="a">(OCoLC)oca00752309</subfield>
  </datafield>
  <datafield tag="040" ind1=" " ind2=" ">
    <subfield code="a">DLC</subfield>
    <subfield code="b">eng</subfield>
    <subfield code="c">DLC</subfield>
    <subfield code="d">OCoLC</subfield>
  </datafield>
  <datafield tag="100" ind1="1" ind2=" ">
    <subfield code="a">Alphe휍혖us, Karl,</subfield>
    <subfield code="d">1895-1976</subfield>
  </datafield>
  <datafield tag="670" ind1=" " ind2=" ">
    <subfield code="a">His Kant und Scheler, 1981:</subfield>
    <subfield code="b">t.p. (Karl Alphe휍혖us) p. 4 of cover (b. 1895; Philosoph; d. 1976)</subfield>
  </datafield>
</record>